2684 4268
214 355 238 421 6
562 369 708 419 ucuocs
732 371 771 418 1v

276 515 372 592 Hinc,
386 516 438 578 ubi
452 519 511 578 iam
527 516 644 576 firmata
657 514 754 576 uirum
769 526 799 577 te
814 515 915 577 fecerit
928 524 1019 586 aetas,

275 616 364 676 cedet
378 624 408 675 et
422 613 486 693 ipse
500 613 574 674 meri
588 623 702 688 uector,
717 633 775 675 nec
788 613 909 674 nautica
922 612 1010 690 pinus

276 711 405 773 mutabit
418 730 550 772 merces:
571 711 670 772 omnis
684 713 758 772 feret
772 710 875 773 omnia
888 713 984 772 tellus.

215 829 255 883 40
277 811 349 870 Non
363 820 472 870 rastros
486 809 616 889 patietur
630 811 748 883 humus,
763 829 826 871 non
840 809 929 871 uinea
943 811 1069 883 falcem3

275 907 416 968 robustus
430 927 552 986 quoque
566 907 626 968 iam
640 908 733 970 tauris
747 908 815 987 iuga
829 909 926 969 soluet
940 919 1056 983 arator;

276 1026 334 1067 nec
347 1006 445 1068 uarios
460 1007 555 1069 discet
569 1007 688 1069 mentiri
702 1010 771 1069 lana
784 1010 910 1081 colores,

276 1104 341 1183 ipse
355 1108 410 1167 sed
424 1105 455 1165 in
469 1104 561 1184 pratis
575 1106 651 1166 aries
666 1106 725 1166 iam
741 1125 834 1167 suaue
847 1106 966 1168 rubenti

277 1202 398 1276 murice,
414 1202 474 1265 iam
488 1223 595 1265 croceo
610 1203 738 1264 mutabit
753 1205 864 1266 uellera
877 1207 942 1266 luto
950 1226 960 1280 ς

217 1318 255 1380 45
277 1311 385 1380 sponte
400 1322 454 1363 sua
468 1304 582 1381 sandyx
596 1314 754 1381 pascentes
769 1303 877 1365 uestiet
890 1322 992 1381 agnos.

280 1400 383 1460 ‘Talia
396 1402 510 1462 saecla'
524 1403 585 1464 suis
599 1401 738 1464 dixerunt
754 1389 894 1464 ‘currite'
908 1401 981 1462 lusis

278 1500 444 1561 concordes
459 1499 558 1562 stabili
573 1503 701 1562 fatorum
717 1501 840 1561 numine
855 1503 973 1563 Parcae.

280 2157 451 2236 Aggredere
464 2176 484 2215 o
499 2176 632 2234 magnos,
648 2157 743 2217 aderit
757 2155 816 2216 iam
831 2167 959 2234 tempus,
974 2156 1113 2229 honores,

279 2274 348 2316 cara
361 2257 454 2317 deum
469 2256 599 2329 suboles,
616 2274 758 2334 magnum
774 2255 857 2315 Iouis
871 2254 1098 2315 incrementum.

220 2373 259 2434 5ο
280 2356 391 2434 Aspice
405 2374 542 2417 conuexo
556 2368 712 2416 nutantem
727 2357 861 2432 pondere
876 2357 1031 2429 mundum,

280 2464 432 2532 terrasque
472 2463 644 2531 tractusque
682 2453 770 2513 maris
808 2455 986 2531 caelumque
1020 2472 1084 2530 pro

342 2552 488 2613 fundum:

280 2650 390 2728 aspice,
406 2660 533 2710 uenturo
547 2650 695 2709 laetantur
708 2660 742 2709 ut
756 2650 858 2711 omnia
873 2651 981 2711 saeclo.

282 2750 311 2810 0
326 2748 400 2808 mihi
415 2758 476 2809 tam
490 2748 598 2825 longae
612 2759 732 2809 maneat
746 2768 814 2826 pars
828 2749 933 2809 ultima
947 2748 1026 2809 uitae

282 2845 402 2926 spiritus
416 2857 455 2922 et,
471 2858 617 2925 quantum
632 2857 678 2908 sat
692 2846 747 2908 erit
760 2857 812 2908 tua
826 2846 926 2909 dicere
940 2847 1025 2919 facta,

222 2963 258 3025 55
281 2965 343 3008 non
358 2965 407 3006 me
421 2944 603 3006 carminibus
617 2945 719 3006 uincat
740 2964 797 3005 nec
812 2945 959 3005 Thracius
976 2946 1123 3022 Orpheus,

281 3065 338 3106 nec
360 3045 462 3117 Linus,
485 3043 555 3104 huic
577 3055 671 3105 mater
692 3044 831 3122 quamuis
849 3053 941 3121 atque
957 3042 1028 3103 huic
1042 3053 1125 3121 pater

343 3142 429 3215 adsit,
611 3195 617 3210 ,

282 3238 396 3317 Orphei
411 3238 574 3318 Calliopea,
590 3238 668 3301 Lino
682 3241 831 3300 formosus
845 3241 964 3317 Apollo.

283 3340 346 3399 Pan
360 3337 459 3412 etiam,
476 3338 606 3399 Arcadia
619 3357 738 3399 mecum
753 3337 778 3398 si
792 3337 891 3397 iudice
904 3347 1005 3412 certet,

282 3438 344 3497 Pan
360 3437 450 3497 etiam
466 3435 596 3498 Arcadia
610 3434 692 3497 dicat
706 3455 738 3497 se
752 3434 851 3496 iudice
865 3435 988 3495 uictum.
