2684 4268
318 969 365 1055 P.
405 968 670 1052 VERGILI
720 968 1012 1051 MARONIS

518 1157 721 1226 ECLOGA
761 1159 814 1225 1v

272 1449 419 1512 Sicelides
435 1451 552 1521 Musae,
567 1449 658 1527 paulo
673 1448 785 1510 maiora
799 1468 951 1510 canamus.

273 1552 345 1611 Non
359 1568 466 1609 omnes
477 1547 598 1608 arbusta
612 1547 715 1608 iuvant
729 1547 918 1626 humilesque
932 1546 1079 1626 myricae5

273 1647 298 1710 si
311 1647 449 1709 canimus
464 1645 563 1721 siluas,
580 1645 673 1708 siluae
688 1645 747 1708 sint
760 1648 885 1708 consule
898 1646 1016 1726 dignae.

333 1847 450 1911 Ultima
464 1847 592 1912 Cumaei
606 1845 691 1908 uenit
704 1847 765 1906 iam
779 1843 919 1906 carminis
934 1855 1035 1922 aetas3

213 1964 229 2025 5
273 1964 400 2024 magnus
413 1944 453 2006 ab
468 1945 584 2023 integro
598 1945 765 2006 saeclorum
780 1942 911 2004 nascitur
925 1944 1010 2006 ordo.

274 2047 340 2106 Iam
354 2043 432 2106 redit
446 2054 477 2104 et
491 2043 583 2122 uirgo,
599 2043 726 2105 redeunt
740 2041 878 2104 Saturnia
891 2061 1002 2120 regna;

273 2143 333 2204 iam
348 2161 429 2203 noua
442 2140 600 2220 progenies
614 2143 699 2202 caelo
713 2139 880 2202 demittitur
893 2142 963 2202 alto.

272 2244 321 2302 Tu
336 2241 430 2302 modo
443 2238 579 2301 nascenti
593 2257 696 2317 puero,
711 2257 774 2317 quo
788 2239 881 2299 ferrea
895 2238 1025 2317 primum

273 2339 392 2403 desinet
405 2357 442 2399 ac
455 2347 520 2399 toto
534 2346 635 2415 surget
647 2356 722 2416 gens
735 2355 825 2397 aurea
839 2337 963 2411 mundo,

216 2458 253 2499 ro
273 2447 356 2498 casta
370 2437 438 2497 saue
453 2434 587 2496 Lucina:
608 2445 678 2495 tuus
692 2433 752 2495 iarn
766 2445 869 2514 regnat
883 2436 1004 2512 Apollo.

273 2537 380 2612 Teque
393 2533 471 2594 adeo
485 2534 579 2596 decus
593 2533 652 2594 hoe
665 2533 742 2609 aeui,
758 2542 788 2594 te
802 2533 927 2594 consule
941 2532 1036 2609 inibit,

274 2629 380 2705 Pollio,
397 2640 427 2690 et
441 2628 586 2708 incipient
600 2627 701 2706 magni
714 2629 877 2707 procedere
891 2648 1029 2707 menses;

273 2739 304 2790 te
318 2730 404 2802 duce,
421 2726 446 2789 si
460 2746 520 2806 qua
535 2736 658 2788 manent
672 2726 791 2788 sceleris
805 2725 930 2805 uestigia
944 2728 1046 2804 nostri,

274 2822 361 2884 inrita
374 2833 519 2900 perpetua
531 2824 650 2883 soluent
664 2819 824 2884 formidine
836 2831 936 2884 terras.

217 2938 251 3000 15
275 2922 332 2982 Ille
346 2921 438 2982 deum
452 2919 546 2981 uitam
559 2920 688 2998 accipiet
701 2918 841 2998 diuisque
854 2919 971 2983 uidebit

274 3018 436 3098 permixtos
450 3019 566 3092 heroas,
581 3029 612 3080 et
626 3018 690 3097 ipse
704 3016 857 3080 uidebitur
870 3017 935 3094 illis,

274 3127 475 3198 pacatumque
489 3127 571 3197 reget
584 3115 686 3196 patriis
700 3115 861 3178 uirtutibus
875 3117 988 3180 orbem.
