2684 4268
214 375 236 439 4
562 365 709 416 assoon
732 366 771 412 1v

276 520 317 577 At
331 515 386 577 tibi
399 516 502 594 prima,
518 532 600 590 puer,
616 514 700 573 nullo
714 511 893 572 munuscula
907 511 989 570 cultu

275 625 405 675 errantes
420 615 546 674 hederas
560 610 672 689 passim
685 629 756 671 cum
771 610 896 670 baccare
909 610 997 671 tellus

217 732 254 772 20
276 712 427 790 mixtaque
440 709 551 772 ridenti
564 708 715 771 colocasia
728 709 835 769 fundet
849 709 988 768 acantho.

276 813 364 887 Ipsae
377 810 454 870 lacte
469 811 595 870 domum
609 809 737 869 referent
751 807 881 868 distenta
894 807 1027 884 capellae

275 907 375 981 ubera,
390 927 447 967 nec
462 925 586 985 magnos
601 917 736 968 metuent
749 916 885 966 armenta
898 907 1009 965 leones.

277 1006 348 1082 Ipsa
360 1003 415 1064 tibi
430 1003 559 1065 blandos
573 1004 701 1064 fundent
714 1002 866 1063 cunabula
879 1003 967 1062 flores
978 1024 988 1077 3

276 1101 396 1163 occidet
409 1113 439 1164 et
454 1121 584 1179 serpens,
601 1111 630 1162 et
644 1103 731 1162 fallax
745 1100 839 1162 herba
853 1100 964 1162 ueneni

217 1221 232 1259 2
236 1217 252 1278 5
275 1199 414 1276 occidet3
435 1199 589 1278 Assyrium
603 1203 694 1278 uolgo
708 1210 846 1260 nascetur
860 1218 1023 1260 amomum.

274 1895 316 1953 At
329 1894 418 1955 simul
432 1895 559 1956 heroum
573 1894 677 1956 laudes
692 1903 722 1954 et
736 1894 814 1954 facta
827 1890 958 1972 parentis

274 1989 333 2050 iam
347 1993 445 2069 legere
459 2003 489 2054 et
503 2011 581 2070 quae
596 1990 633 2053 sit
647 1991 758 2069 poteris
772 2007 954 2068 cognoscere
968 1988 1071 2063 uirtus,

275 2088 360 2150 molli
373 2091 517 2167 paulatim
531 2092 674 2152 flauescet
687 2109 812 2168 campus
826 2088 923 2160 arista,

273 2185 454 2265 incultisque
468 2189 578 2250 rubens
592 2185 737 2266 pendebit
752 2186 886 2247 sentibus
900 2204 969 2257 uua,

214 2303 252 2361 30
273 2293 303 2344 et
318 2286 411 2346 durae
425 2305 553 2363 quercus
568 2285 722 2346 sudabunt
736 2283 855 2345 roscida
869 2284 967 2344 mella.

273 2384 374 2443 Pauca
388 2394 490 2444 tamen
504 2383 649 2444 suberunt
663 2383 777 2460 priscae
792 2380 916 2459 uestigia
930 2378 1050 2452 fraudis,

272 2497 351 2556 quae
384 2489 531 2558 temptare
564 2480 689 2540 Thetim
727 2478 849 2553 ratibus,
885 2497 964 2556 quae
1000 2475 1119 2553 cingere

336 2595 428 2638 muns

273 2673 394 2751 oppida,
410 2693 489 2753 quae
502 2675 626 2736 iubeant
640 2674 738 2736 telluri
752 2673 899 2735 infindere
912 2671 1021 2732 sulcos.

272 2772 357 2832 Alter
391 2773 446 2834 erit
480 2784 544 2834 tum
578 2772 703 2852 Tiphys,
739 2783 769 2834 et
803 2773 895 2833 altera
922 2787 1000 2847 quae
1027 2768 1118 2828 uehat

334 2871 416 2932 Aro

213 2979 250 3041 35
273 2889 407 3029 delectis
422 2970 547 3045 heroas3
568 2978 655 3031 erunt
669 2968 761 3030 etiam
774 2970 868 3031 altera
881 2968 968 3041 bella,

272 3074 363 3142 atque
376 3066 485 3129 iterum
498 3069 539 3130 ad
553 3068 674 3129 Troiam
690 3087 817 3146 magnus
832 3067 964 3131 mittetur
974 3060 1108 3123 Achilles
